%YAML 1.1
%TAG !u! tag:unity3d.com,2011:
--- !u!1 &1137400671023054663
GameObject:
  m_ObjectHideFlags: 0
  m_CorrespondingSourceObject: {fileID: 0}
  m_PrefabInstance: {fileID: 0}
  m_PrefabAsset: {fileID: 0}
  serializedVersion: 6
  m_Component:
  - component: {fileID: 1137400671023054712}
  - component: {fileID: 1137400671023054716}
  - component: {fileID: 1137400671023054715}
  - component: {fileID: 1137400671023054714}
  - component: {fileID: 1137400671023054713}
  m_Layer: 2
  m_Name: Sphere
  m_TagString: Untagged
  m_Icon: {fileID: 0}
  m_NavMeshLayer: 0
  m_StaticEditorFlags: 0
  m_IsActive: 0
--- !u!4 &1137400671023054712
Transform:
  m_ObjectHideFlags: 0
  m_CorrespondingSourceObject: {fileID: 0}
  m_PrefabInstance: {fileID: 0}
  m_PrefabAsset: {fileID: 0}
  m_GameObject: {fileID: 1137400671023054663}
  m_LocalRotation: {x: -0, y: -0, z: -0, w: 1}
  m_LocalPosition: {x: 0, y: 1, z: 0}
  m_LocalScale: {x: 1.72824, y: 1.72824, z: 1.72824}
  m_Children: []
  m_Father: {fileID: 1137400671144545705}
  m_RootOrder: 1
  m_LocalEulerAnglesHint: {x: 0, y: 0, z: 0}
--- !u!33 &1137400671023054716
MeshFilter:
  m_ObjectHideFlags: 0
  m_CorrespondingSourceObject: {fileID: 0}
  m_PrefabInstance: {fileID: 0}
  m_PrefabAsset: {fileID: 0}
  m_GameObject: {fileID: 1137400671023054663}
  m_Mesh: {fileID: 10207, guid: 0000000000000000e000000000000000, type: 0}
--- !u!23 &1137400671023054715
MeshRenderer:
  m_ObjectHideFlags: 0
  m_CorrespondingSourceObject: {fileID: 0}
  m_PrefabInstance: {fileID: 0}
  m_PrefabAsset: {fileID: 0}
  m_GameObject: {fileID: 1137400671023054663}
  m_Enabled: 0
  m_CastShadows: 1
  m_ReceiveShadows: 1
  m_DynamicOccludee: 1
  m_MotionVectors: 1
  m_LightProbeUsage: 1
  m_ReflectionProbeUsage: 1
  m_RayTracingMode: 2
  m_RenderingLayerMask: 1
  m_RendererPriority: 0
  m_Materials:
  - {fileID: 10303, guid: 0000000000000000f000000000000000, type: 0}
  m_StaticBatchInfo:
    firstSubMesh: 0
    subMeshCount: 0
  m_StaticBatchRoot: {fileID: 0}
  m_ProbeAnchor: {fileID: 0}
  m_LightProbeVolumeOverride: {fileID: 0}
  m_ScaleInLightmap: 1
  m_ReceiveGI: 1
  m_PreserveUVs: 0
  m_IgnoreNormalsForChartDetection: 0
  m_ImportantGI: 0
  m_StitchLightmapSeams: 1
  m_SelectedEditorRenderState: 3
  m_MinimumChartSize: 4
  m_AutoUVMaxDistance: 0.5
  m_AutoUVMaxAngle: 89
  m_LightmapParameters: {fileID: 0}
  m_SortingLayerID: 0
  m_SortingLayer: 0
  m_SortingOrder: 0
--- !u!135 &1137400671023054714
SphereCollider:
  m_ObjectHideFlags: 0
  m_CorrespondingSourceObject: {fileID: 0}
  m_PrefabInstance: {fileID: 0}
  m_PrefabAsset: {fileID: 0}
  m_GameObject: {fileID: 1137400671023054663}
  m_Material: {fileID: 0}
  m_IsTrigger: 1
  m_Enabled: 1
  serializedVersion: 2
  m_Radius: 0.5
  m_Center: {x: 0, y: 0, z: 0}
--- !u!114 &1137400671023054713
MonoBehaviour:
  m_ObjectHideFlags: 0
  m_CorrespondingSourceObject: {fileID: 0}
  m_PrefabInstance: {fileID: 0}
  m_PrefabAsset: {fileID: 0}
  m_GameObject: {fileID: 1137400671023054663}
  m_Enabled: 1
  m_EditorHideFlags: 0
  m_Script: {fileID: 11500000, guid: 329da2fcee66db24b85011eaf5f1dcf7, type: 3}
  m_Name: 
  m_EditorClassIdentifier: 
--- !u!1 &1137400671144545704
GameObject:
  m_ObjectHideFlags: 0
  m_CorrespondingSourceObject: {fileID: 0}
  m_PrefabInstance: {fileID: 0}
  m_PrefabAsset: {fileID: 0}
  serializedVersion: 6
  m_Component:
  - component: {fileID: 1137400671144545705}
  - component: {fileID: 1137400671144545696}
  - component: {fileID: 1137400671144545711}
  - component: {fileID: 1137400671144545710}
  - component: {fileID: 1137400671144545709}
  - component: {fileID: 1137400671144545708}
  - component: {fileID: 1137400671144545706}
  - component: {fileID: 1137400671144545707}
  m_Layer: 2
  m_Name: Unit
  m_TagString: Untagged
  m_Icon: {fileID: 5132851093641282708, guid: 0000000000000000d000000000000000, type: 0}
  m_NavMeshLayer: 0
  m_StaticEditorFlags: 0
  m_IsActive: 1
--- !u!4 &1137400671144545705
Transform:
  m_ObjectHideFlags: 0
  m_CorrespondingSourceObject: {fileID: 0}
  m_PrefabInstance: {fileID: 0}
  m_PrefabAsset: {fileID: 0}
  m_GameObject: {fileID: 1137400671144545704}
  m_LocalRotation: {x: 0, y: -0.8040229, z: 0, w: 0.59459835}
  m_LocalPosition: {x: 0, y: 0, z: 0}
  m_LocalScale: {x: 0.7000001, y: 0.7, z: 0.7000001}
  m_Children:
  - {fileID: 7626912794195056601}
  - {fileID: 1137400671023054712}
  m_Father: {fileID: 0}
  m_RootOrder: 0
  m_LocalEulerAnglesHint: {x: 0, y: -107.032, z: 0}
--- !u!54 &1137400671144545696
Rigidbody:
  m_ObjectHideFlags: 0
  m_CorrespondingSourceObject: {fileID: 0}
  m_PrefabInstance: {fileID: 0}
  m_PrefabAsset: {fileID: 0}
  m_GameObject: {fileID: 1137400671144545704}
  serializedVersion: 2
  m_Mass: 4
  m_Drag: 2
  m_AngularDrag: 0.05
  m_UseGravity: 1
  m_IsKinematic: 0
  m_Interpolate: 0
  m_Constraints: 112
  m_CollisionDetection: 2
--- !u!136 &1137400671144545711
CapsuleCollider:
  m_ObjectHideFlags: 0
  m_CorrespondingSourceObject: {fileID: 0}
  m_PrefabInstance: {fileID: 0}
  m_PrefabAsset: {fileID: 0}
  m_GameObject: {fileID: 1137400671144545704}
  m_Material: {fileID: 13400000, guid: fcb75a56ed2b1564d96449cc5ec72918, type: 2}
  m_IsTrigger: 0
  m_Enabled: 1
  m_Radius: 0.7
  m_Height: 2
  m_Direction: 1
  m_Center: {x: 0, y: 0.9, z: 0}
--- !u!114 &1137400671144545710
MonoBehaviour:
  m_ObjectHideFlags: 0
  m_CorrespondingSourceObject: {fileID: 0}
  m_PrefabInstance: {fileID: 0}
  m_PrefabAsset: {fileID: 0}
  m_GameObject: {fileID: 1137400671144545704}
  m_Enabled: 1
  m_EditorHideFlags: 0
  m_Script: {fileID: 11500000, guid: d557798a06f9d6f409ed86bea9d175f3, type: 3}
  m_Name: 
  m_EditorClassIdentifier: 
  _animator: {fileID: 7626912794188069279}
--- !u!114 &1137400671144545709
MonoBehaviour:
  m_ObjectHideFlags: 0
  m_CorrespondingSourceObject: {fileID: 0}
  m_PrefabInstance: {fileID: 0}
  m_PrefabAsset: {fileID: 0}
  m_GameObject: {fileID: 1137400671144545704}
  m_Enabled: 1
  m_EditorHideFlags: 0
  m_Script: {fileID: 11500000, guid: 203ffbda9d52c064ba4be40a69fe1819, type: 3}
  m_Name: 
  m_EditorClassIdentifier: 
--- !u!195 &1137400671144545708
NavMeshAgent:
  m_ObjectHideFlags: 0
  m_CorrespondingSourceObject: {fileID: 0}
  m_PrefabInstance: {fileID: 0}
  m_PrefabAsset: {fileID: 0}
  m_GameObject: {fileID: 1137400671144545704}
  m_Enabled: 1
  m_AgentTypeID: 0
  m_Radius: 0.5
  m_Speed: 1.4
  m_Acceleration: 8
  avoidancePriority: 50
  m_AngularSpeed: 143.93
  m_StoppingDistance: 0
  m_AutoTraverseOffMeshLink: 1
  m_AutoBraking: 1
  m_AutoRepath: 1
  m_Height: 1.7
  m_BaseOffset: 0
  m_WalkableMask: 4294967295
  m_ObstacleAvoidanceType: 4
--- !u!114 &1137400671144545706
MonoBehaviour:
  m_ObjectHideFlags: 0
  m_CorrespondingSourceObject: {fileID: 0}
  m_PrefabInstance: {fileID: 0}
  m_PrefabAsset: {fileID: 0}
  m_GameObject: {fileID: 1137400671144545704}
  m_Enabled: 1
  m_EditorHideFlags: 0
  m_Script: {fileID: 11500000, guid: 7135e588c24dd104889904f24693487f, type: 3}
  m_Name: 
  m_EditorClassIdentifier: 
  _settings: {fileID: 0}
--- !u!114 &1137400671144545707
MonoBehaviour:
  m_ObjectHideFlags: 0
  m_CorrespondingSourceObject: {fileID: 0}
  m_PrefabInstance: {fileID: 0}
  m_PrefabAsset: {fileID: 0}
  m_GameObject: {fileID: 1137400671144545704}
  m_Enabled: 1
  m_EditorHideFlags: 0
  m_Script: {fileID: 11500000, guid: 3a15c693f92f4754b86ce201649737b7, type: 3}
  m_Name: 
  m_EditorClassIdentifier: 
  _triggerDash: {fileID: 1137400671023054713}
  _parentForSearch: {fileID: 0}
--- !u!1001 &7078390227768212279
PrefabInstance:
  m_ObjectHideFlags: 0
  serializedVersion: 2
  m_Modification:
    m_TransformParent: {fileID: 1137400671144545705}
    m_Modifications:
    - target: {fileID: 856601670117272814, guid: b14953694d54eea4eb66f453e525024c,
        type: 3}
      propertyPath: m_LocalPosition.x
      value: 0
      objectReference: {fileID: 0}
    - target: {fileID: 856601670117272814, guid: b14953694d54eea4eb66f453e525024c,
        type: 3}
      propertyPath: m_LocalPosition.y
      value: 0
      objectReference: {fileID: 0}
    - target: {fileID: 856601670117272814, guid: b14953694d54eea4eb66f453e525024c,
        type: 3}
      propertyPath: m_LocalPosition.z
      value: 0
      objectReference: {fileID: 0}
    - target: {fileID: 856601670117272814, guid: b14953694d54eea4eb66f453e525024c,
        type: 3}
      propertyPath: m_LocalRotation.x
      value: 0
      objectReference: {fileID: 0}
    - target: {fileID: 856601670117272814, guid: b14953694d54eea4eb66f453e525024c,
        type: 3}
      propertyPath: m_LocalRotation.y
      value: 0
      objectReference: {fileID: 0}
    - target: {fileID: 856601670117272814, guid: b14953694d54eea4eb66f453e525024c,
        type: 3}
      propertyPath: m_LocalRotation.z
      value: 0
      objectReference: {fileID: 0}
    - target: {fileID: 856601670117272814, guid: b14953694d54eea4eb66f453e525024c,
        type: 3}
      propertyPath: m_LocalRotation.w
      value: 1
      objectReference: {fileID: 0}
    - target: {fileID: 856601670117272814, guid: b14953694d54eea4eb66f453e525024c,
        type: 3}
      propertyPath: m_RootOrder
      value: 0
      objectReference: {fileID: 0}
    - target: {fileID: 856601670117272814, guid: b14953694d54eea4eb66f453e525024c,
        type: 3}
      propertyPath: m_LocalEulerAnglesHint.x
      value: 0
      objectReference: {fileID: 0}
    - target: {fileID: 856601670117272814, guid: b14953694d54eea4eb66f453e525024c,
        type: 3}
      propertyPath: m_LocalEulerAnglesHint.y
      value: 0
      objectReference: {fileID: 0}
    - target: {fileID: 856601670117272814, guid: b14953694d54eea4eb66f453e525024c,
        type: 3}
      propertyPath: m_LocalEulerAnglesHint.z
      value: 0
      objectReference: {fileID: 0}
    - target: {fileID: 856601670117272814, guid: b14953694d54eea4eb66f453e525024c,
        type: 3}
      propertyPath: m_LocalScale.x
      value: 1
      objectReference: {fileID: 0}
    - target: {fileID: 856601670117272814, guid: b14953694d54eea4eb66f453e525024c,
        type: 3}
      propertyPath: m_LocalScale.y
      value: 1
      objectReference: {fileID: 0}
    - target: {fileID: 856601670117272814, guid: b14953694d54eea4eb66f453e525024c,
        type: 3}
      propertyPath: m_LocalScale.z
      value: 1
      objectReference: {fileID: 0}
    - target: {fileID: 856601670117699726, guid: b14953694d54eea4eb66f453e525024c,
        type: 3}
      propertyPath: m_Name
      value: TT_demo_zombie
      objectReference: {fileID: 0}
    - target: {fileID: 856601670124978856, guid: b14953694d54eea4eb66f453e525024c,
        type: 3}
      propertyPath: m_Controller
      value: 
      objectReference: {fileID: 9100000, guid: 72ef44a90e103b043a51e489156267ea, type: 2}
    m_RemovedComponents: []
  m_SourcePrefab: {fileID: 100100000, guid: b14953694d54eea4eb66f453e525024c, type: 3}
--- !u!4 &7626912794195056601 stripped
Transform:
  m_CorrespondingSourceObject: {fileID: 856601670117272814, guid: b14953694d54eea4eb66f453e525024c,
    type: 3}
  m_PrefabInstance: {fileID: 7078390227768212279}
  m_PrefabAsset: {fileID: 0}
--- !u!95 &7626912794188069279 stripped
Animator:
  m_CorrespondingSourceObject: {fileID: 856601670124978856, guid: b14953694d54eea4eb66f453e525024c,
    type: 3}
  m_PrefabInstance: {fileID: 7078390227768212279}
  m_PrefabAsset: {fileID: 0}
